<record><leader>00000cas a22000007a 4500</leader><controlfield tag="001">22864841</controlfield><controlfield tag="008">901217d19041925ohudr ne      0    0eng d</controlfield><datafield ind1=" " ind2=" " tag="010"><subfield code="a">sn 90068620 </subfield></datafield><datafield ind1=" " ind2=" " tag="040"><subfield code="a">ONP</subfield><subfield code="b">eng</subfield><subfield code="c">ONP</subfield><subfield code="d">OCLCQ</subfield></datafield><datafield ind1=" " ind2=" " tag="042"><subfield code="a">msc</subfield></datafield><datafield ind1="0" ind2=" " tag="130"><subfield code="a">Press (Akron, Ohio)</subfield></datafield><datafield ind1="1" ind2="0" tag="245"><subfield code="a">Press.</subfield></datafield><datafield ind1="1" ind2="3" tag="246"><subfield code="a">Akron press</subfield></datafield><datafield ind1=" " ind2=" " tag="260"><subfield code="a">Akron, O. [Ohio] :</subfield><subfield code="b">Akron Press Pub. Co.</subfield></datafield><datafield ind1=" " ind2=" " tag="300"><subfield code="a">v.</subfield></datafield><datafield ind1=" " ind2=" " tag="310"><subfield code="a">Daily</subfield></datafield><datafield ind1="0" ind2=" " tag="362"><subfield code="a">-no. 8260 (Mar. 14, 1925).</subfield></datafield><datafield ind1=" " ind2=" " tag="588"><subfield code="a">Description based on: No. 3610 (July 4, 1904).</subfield></datafield><datafield ind1=" " ind2=" " tag="752"><subfield code="a">United States</subfield><subfield code="b">Ohio</subfield><subfield code="c">Summit</subfield><subfield code="d">Akron.</subfield></datafield><datafield ind1="0" ind2="7" tag="785"><subfield code="t">Akron evening times</subfield><subfield code="w">(DLC)sn 84028143</subfield></datafield><datafield ind1="0" ind2="7" tag="785"><subfield code="t">Akron evening times, the Akron press</subfield><subfield code="w">(DLC)sn 88078430</subfield></datafield><datafield ind1="1" ind2=" " tag="029"><subfield code="a">AU@</subfield><subfield code="b">000025876877</subfield></datafield></record>